<record><leader>00000cas a22000007a 4500</leader><controlfield tag="001">25691126</controlfield><controlfield tag="008">920422d19131915wyuwr ne      0    0eng d</controlfield><controlfield tag="009">14262</controlfield><datafield ind1=" " ind2=" " tag="010"><subfield code="a">sn 92066984 </subfield></datafield><datafield ind1=" " ind2=" " tag="040"><subfield code="a">NVO</subfield><subfield code="b">eng</subfield><subfield code="c">NVO</subfield><subfield code="d">OCLCQ</subfield></datafield><datafield ind1="1" ind2=" " tag="029"><subfield code="a">AU@</subfield><subfield code="b">000020705773</subfield></datafield><datafield ind1=" " ind2=" " tag="042"><subfield code="a">msc</subfield></datafield><datafield ind1="0" ind2=" " tag="130"><subfield code="a">Weekly boomerang (Laramie, Wyo. : 1913)</subfield></datafield><datafield ind1="0" ind2="0" tag="245"><subfield code="a">Weekly boomerang.</subfield></datafield><datafield ind1="1" ind2="3" tag="246"><subfield code="a">Laramie weekly boomerang</subfield><subfield code="f">Dec. 31, 1914-July 18, 1915</subfield></datafield><datafield ind1=" " ind2=" " tag="260"><subfield code="a">Laramie, Wyo. :</subfield><subfield code="b">Boomerang Print. Co.</subfield></datafield><datafield ind1=" " ind2=" " tag="300"><subfield code="a">v.</subfield></datafield><datafield ind1=" " ind2=" " tag="310"><subfield code="a">Weekly (on Thursday)</subfield></datafield><datafield ind1="0" ind2=" " tag="362"><subfield code="a">Dec. 4, 1913-July 2, 1914 ; v. 34, no. 87 (July 9, 1914)-v. 31, no. 178 (July 28, 1915).</subfield></datafield><datafield ind1=" " ind2=" " tag="515"><subfield code="a">Mar. 4-July 28, 1915 called: Vol. 31.</subfield></datafield><datafield ind1=" " ind2=" " tag="515"><subfield code="a">Numbering is irregular.</subfield></datafield><datafield ind1=" " ind2=" " tag="580"><subfield code="a">Daily ed.: Laramie daily boomerang, Nov. 17, 1913-Dec. 23, 1916.</subfield></datafield><datafield ind1=" " ind2=" " tag="580"><subfield code="a">Semiweekly ed.: Semi-weekly boomerang, Nov. 24, 1913-Sept. 13, 1915.</subfield></datafield><datafield ind1=" " ind2="4" tag="651"><subfield code="a">Laramie (Wyo.)</subfield><subfield code="v">Newspapers.</subfield></datafield><datafield ind1=" " ind2="4" tag="651"><subfield code="a">Albany County (Wyo.)</subfield><subfield code="v">Newspapers.</subfield></datafield><datafield ind1=" " ind2=" " tag="752"><subfield code="a">United States</subfield><subfield code="b">Wyoming</subfield><subfield code="c">Albany</subfield><subfield code="d">Laramie.</subfield></datafield><datafield ind1="1" ind2=" " tag="775"><subfield code="t">Laramie daily boomerang (Laramie, Wyo. : 1913)</subfield><subfield code="w">(DLC)sn 92066998</subfield></datafield><datafield ind1="1" ind2=" " tag="775"><subfield code="t">Semi-weekly boomerang (Laramie, Wyo. : 1913)</subfield><subfield code="w">(DLC)sn 92066995</subfield></datafield><datafield ind1="0" ind2="0" tag="780"><subfield code="t">Laramie boomerang (Laramie, Wyo. : 1912 : Weekly)</subfield><subfield code="w">(DLC)sn 92066986</subfield></datafield><datafield ind1="0" ind2="4" tag="785"><subfield code="t">Semi-weekly boomerang (Laramie, Wyo. : 1913)</subfield><subfield code="w">(DLC)sn 92066995</subfield></datafield></record>